@article{jscript,
  title={Introducing JScript .NET},
  author={Clinick, Andrew},
  journal={MSDN Library: http://msdn. microsoft. com/library},
  year={2000}
}
@book{rogers,
  title={Microsoft Jscript. NET Programming},
  author={Rogers, Justin},
  year={2002},
  publisher={Sams Publishing}
}
